<record><leader>00000cas a2200000 a 4500</leader><controlfield tag="001">9718953</controlfield><controlfield tag="008">830720d18351836miuwr ne      0   a0eng c</controlfield><datafield ind1=" " ind2=" " tag="010"><subfield code="a">sn 83025641 </subfield></datafield><datafield ind1=" " ind2=" " tag="040"><subfield code="a">NPV</subfield><subfield code="b">eng</subfield><subfield code="c">NPV</subfield><subfield code="d">CNW</subfield><subfield code="d">MHN</subfield><subfield code="d">OCL</subfield><subfield code="d">CZL</subfield><subfield code="d">OCLCQ</subfield><subfield code="d">OCLCF</subfield></datafield><datafield ind1=" " ind2=" " tag="042"><subfield code="a">pcc</subfield></datafield><datafield ind1=" " ind2=" " tag="043"><subfield code="a">n-us-mi</subfield></datafield><datafield ind1=" " ind2=" " tag="045"><subfield code="a">w3w3</subfield></datafield><datafield ind1=" " ind2=" " tag="052"><subfield code="a">4113</subfield><subfield code="b">B6</subfield></datafield><datafield ind1="0" ind2="0" tag="245"><subfield code="a">Niles gazette and advertiser.</subfield></datafield><datafield ind1=" " ind2=" " tag="260"><subfield code="a">Niles, Michigan Territory :</subfield><subfield code="b">H. Barnes,</subfield><subfield code="c">1835-</subfield></datafield><datafield ind1=" " ind2=" " tag="300"><subfield code="a">v. :</subfield><subfield code="b">ill. (chiefly adv.) ;</subfield><subfield code="c">54 cm.</subfield></datafield><datafield ind1=" " ind2=" " tag="310"><subfield code="a">Weekly</subfield></datafield><datafield ind1="0" ind2=" " tag="362"><subfield code="a">Vol. 1, no. 1 (Sept. 5, 1835)-v. 1, no. 52 (Sept. 28, 1836).</subfield></datafield><datafield ind1=" " ind2="0" tag="651"><subfield code="a">Niles (Mich.)</subfield><subfield code="v">Newspapers.</subfield></datafield><datafield ind1=" " ind2="0" tag="651"><subfield code="a">Berrien County (Mich.)</subfield><subfield code="v">Newspapers.</subfield></datafield><datafield ind1=" " ind2="7" tag="655"><subfield code="a">Newspapers.</subfield><subfield code="2">fast</subfield><subfield code="0">(OCoLC)fst01423814</subfield></datafield><datafield ind1=" " ind2="7" tag="651"><subfield code="a">Michigan</subfield><subfield code="z">Berrien County.</subfield><subfield code="2">fast</subfield><subfield code="0">(OCoLC)fst01203031</subfield></datafield><datafield ind1=" " ind2="7" tag="651"><subfield code="a">Michigan</subfield><subfield code="z">Niles.</subfield><subfield code="2">fast</subfield><subfield code="0">(OCoLC)fst01231617</subfield></datafield><datafield ind1=" " ind2=" " tag="752"><subfield code="a">United States</subfield><subfield code="b">Michigan</subfield><subfield code="c">Berrien</subfield><subfield code="d">Niles.</subfield></datafield><datafield ind1="0" ind2="0" tag="785"><subfield code="t">Niles gazette</subfield><subfield code="w">(DLC)sn 93053988</subfield><subfield code="w">(OCoLC)28226960</subfield></datafield></record>